<?xml version="1.0" encoding="UTF-8"?><collection xmlns="http://www.loc.gov/MARC21/slim"><record><leader>00530nam--2200169-i-4500</leader><controlfield tag="001">000042069</controlfield><controlfield tag="002">20161230</controlfield><controlfield tag="005">20161230201043</controlfield><controlfield tag="008">060222s1000------------r-----000-0-eng-d</controlfield><datafield ind1=" " ind2=" " tag="040"><subfield code="a">IFIN-HH</subfield></datafield><datafield ind1=" " ind2=" " tag="080"><subfield code="a">061.21(420)</subfield></datafield><datafield ind1="1" ind2=" " tag="110"><subfield code="a">The Society Of Antiquaries Of London</subfield></datafield><datafield ind1="1" ind2="0" tag="245"><subfield code="a">Notes on its history and possessions first issued on the occasion of the bicentenary of the society`s royal charter 2 nov.1951</subfield></datafield><datafield ind1=" " ind2=" " tag="260"><subfield code="a">Oxford</subfield><subfield code="b">University Press</subfield><subfield code="c">1958</subfield></datafield><datafield ind1=" " ind2=" " tag="300"><subfield code="a">77 P</subfield></datafield><datafield ind1=" " ind2=" " tag="852"><subfield code="a">44620</subfield><subfield code="c">H.H</subfield></datafield><datafield ind1=" " ind2=" " tag="CAT"><subfield code="a">Sys</subfield><subfield code="c">20130416</subfield><subfield code="h">131047</subfield></datafield></record></collection>